<?xml version="1.0" encoding="UTF-8"?><collection xmlns="http://www.loc.gov/MARC21/slim"><record><leader>00748nam--2200181-i-4500</leader><controlfield tag="001">000018639</controlfield><controlfield tag="002">20161230</controlfield><controlfield tag="005">20161230201032</controlfield><controlfield tag="008">060222s1000------------r-----000-0-eng-d</controlfield><datafield ind1=" " ind2=" " tag="040"><subfield code="a">IFIN-HH</subfield></datafield><datafield ind1=" " ind2=" " tag="080"><subfield code="a">537.533.35:548.5</subfield></datafield><datafield ind1="1" ind2=" " tag="100"><subfield code="a">Thomas, Gareth</subfield></datafield><datafield ind1="1" ind2="0" tag="245"><subfield code="a">Electron microscopy and strenght of crystals</subfield><subfield code="b">Proceedings of the first berkeley international materials conference "the impact of transmission electron microscopy on theories of the strength of crystals" held at the university of california, berkeley, july 5-8, 1961</subfield><subfield code="c">Gareth thomas, jack washburn (eds.)</subfield></datafield><datafield ind1=" " ind2=" " tag="260"><subfield code="a">New York</subfield><subfield code="b">Interscience Publishers</subfield><subfield code="c">1963</subfield></datafield><datafield ind1=" " ind2=" " tag="300"><subfield code="a">XI + 1022 P</subfield></datafield><datafield ind1=" " ind2=" " tag="700"><subfield code="a">Washburn, Jack</subfield><subfield code="e">Ed</subfield></datafield><datafield ind1=" " ind2=" " tag="852"><subfield code="a">18855</subfield><subfield code="c">537.533.35</subfield></datafield><datafield ind1=" " ind2=" " tag="CAT"><subfield code="a">Sys</subfield><subfield code="c">20110902</subfield><subfield code="h">113858</subfield></datafield></record></collection>